<record><leader>00000cas a22000007a 4500</leader><controlfield tag="001">31998012</controlfield><controlfield tag="008">950215d19781979caumr ne      0   a0eng d</controlfield><datafield ind1=" " ind2=" " tag="010"><subfield code="a">sn 98061722 </subfield></datafield><datafield ind1=" " ind2=" " tag="040"><subfield code="a">CHU</subfield><subfield code="b">eng</subfield><subfield code="c">CHU</subfield><subfield code="d">CHU</subfield><subfield code="d">CNK</subfield><subfield code="d">OCLCQ</subfield></datafield><datafield ind1=" " ind2=" " tag="042"><subfield code="a">msc</subfield></datafield><datafield ind1=" " ind2=" " tag="043"><subfield code="a">n-us-ca</subfield></datafield><datafield ind1="0" ind2=" " tag="130"><subfield code="a">Northern advocate (Blue Lake, Calif. : 1978)</subfield></datafield><datafield ind1="1" ind2="0" tag="245"><subfield code="a">Northern advocate.</subfield></datafield><datafield ind1="1" ind2="3" tag="246"><subfield code="a">Northern advocate of Blue Lake</subfield><subfield code="f">Oct. 1978-Feb. 1979</subfield></datafield><datafield ind1=" " ind2=" " tag="260"><subfield code="a">Blue Lake, Calif. :</subfield><subfield code="b">[s.n.]</subfield></datafield><datafield ind1=" " ind2=" " tag="300"><subfield code="a">v. :</subfield><subfield code="b">ill. ;</subfield><subfield code="c">38-58 cm.</subfield></datafield><datafield ind1=" " ind2=" " tag="310"><subfield code="a">Monthly</subfield></datafield><datafield ind1="0" ind2=" " tag="362"><subfield code="a">Vol. 1, no. 2 (Sept. 16, 1978)-v. 2, no. 7 (Feb. 1979).</subfield></datafield><datafield ind1=" " ind2=" " tag="500"><subfield code="a">"Of Blue Lake" appears in smaller print below "Northern Advocate," Oct. 1978-Feb. 1979.</subfield></datafield><datafield ind1=" " ind2="4" tag="651"><subfield code="a">Blue Lake (Calif.)</subfield><subfield code="v">Newspapers.</subfield></datafield><datafield ind1=" " ind2=" " tag="752"><subfield code="a">United States</subfield><subfield code="b">California</subfield><subfield code="c">Humboldt</subfield><subfield code="d">Blue Lake.</subfield></datafield><datafield ind1="0" ind2="0" tag="780"><subfield code="t">Little northern advocate</subfield><subfield code="w">(DLC)sn 98061721</subfield></datafield><datafield ind1="1" ind2=" " tag="029"><subfield code="a">AU@</subfield><subfield code="b">000014498208</subfield></datafield></record>